<record><leader>00000cas a22000007a 4500</leader><controlfield tag="001">20360064</controlfield><controlfield tag="008">890918d1uuu19uunyuwr ne      0    0eng d</controlfield><datafield ind1=" " ind2=" " tag="010"><subfield code="a">sn 89071395 </subfield></datafield><datafield ind1=" " ind2=" " tag="040"><subfield code="a">NYG</subfield><subfield code="b">eng</subfield><subfield code="c">NYG</subfield><subfield code="d">NYS</subfield><subfield code="d">OCLCQ</subfield><subfield code="d">OCLCF</subfield><subfield code="d">OCLCO</subfield></datafield><datafield ind1=" " ind2=" " tag="042"><subfield code="a">msc</subfield></datafield><datafield ind1=" " ind2=" " tag="043"><subfield code="a">n-us-ny</subfield></datafield><datafield ind1="0" ind2="4" tag="245"><subfield code="a">The Mohawk herald and Herkimer County farmer.</subfield></datafield><datafield ind1=" " ind2=" " tag="260"><subfield code="a">Mohawk, N.Y. :</subfield><subfield code="b">Small &amp; Porter</subfield></datafield><datafield ind1=" " ind2=" " tag="300"><subfield code="a">v. :</subfield><subfield code="b">ill.</subfield></datafield><datafield ind1=" " ind2=" " tag="310"><subfield code="a">Weekly</subfield></datafield><datafield ind1=" " ind2=" " tag="515"><subfield code="a">June 19, 1912 issue numbered: v. 54, no. 32.</subfield></datafield><datafield ind1=" " ind2=" " tag="588"><subfield code="a">Description based on: Vol. 37, no. 16 (July 18, 1906).</subfield></datafield><datafield ind1=" " ind2="0" tag="651"><subfield code="a">Mohawk (N.Y.)</subfield><subfield code="v">Newspapers.</subfield></datafield><datafield ind1=" " ind2="0" tag="651"><subfield code="a">Herkimer County (N.Y.)</subfield><subfield code="v">Newspapers.</subfield></datafield><datafield ind1=" " ind2="7" tag="655"><subfield code="a">Newspapers.</subfield><subfield code="2">fast</subfield><subfield code="0">(OCoLC)fst01423814</subfield></datafield><datafield ind1=" " ind2="7" tag="651"><subfield code="a">New York (State)</subfield><subfield code="z">Herkimer County.</subfield><subfield code="2">fast</subfield><subfield code="0">(OCoLC)fst01223285</subfield></datafield><datafield ind1=" " ind2="7" tag="651"><subfield code="a">New York (State)</subfield><subfield code="z">Mohawk.</subfield><subfield code="2">fast</subfield><subfield code="0">(OCoLC)fst01213045</subfield></datafield><datafield ind1=" " ind2=" " tag="752"><subfield code="a">United States</subfield><subfield code="b">New York</subfield><subfield code="c">Herkimer</subfield><subfield code="d">Mohawk.</subfield></datafield></record>